@misc{flac,
  title={Flac-free lossless audio codec},
  author={Coalson, Josh},
  note={\url{http://flac.sourceforge.net}},
  year={2008}
}
@misc{lz4,
  title={LZ4--extremely fast compression},
  author={Collet, Yann},
  note={\url{https://github.com/Cyan4973/lz4}},
  year={2017}
}
@misc{zstd,
  title={Zstandard - Fast real-time compression algorithm},
  author={Collet, Yann},
  note={\url{https://facebook.github.io/zstd/}},
  year={2017}
}
@misc{gzip,
  title={The gzip home page},
  author={Gailly, Jean-Loup and Adler, Mark},
  note={\url{https://www.gzip.org/}},
  year={2003}
}
@misc{snappy,
  title={Snappy: A fast compressor/decompressor},
  author={Gunderson, SH},
  note={\url{https://code.google.com/p/snappy}},
  year={2015}
}
@misc{influxdb,
  title={InfluxDB},
  author={Beckett, S},
  note={\url{https://influxdata.com}},
  year={2017}
}
@misc{akumuli,
  title={Akumuli Time-series database},
  author={Lazin, Eugene},
  note={\url{https://akumuli.org}},
}
@misc{fse,
  title={Finite State Entropy},
  author={Collet, Yann},
  note={\url{https://github.com/Cyan4973/FiniteStateEntropy}},
}
@misc{bitshuf,
  title={Bitshuffle: Filter for improving compression of typed binary data.},
  author={Alted, F},
  note={\url{https://github.com/kiyo-masui/bitshuffle}},
  year={2017}
}


@misc{quark,
  title={Intel Quark Microcontrollers},
  note={\url{https://www.intel.com/content/www/us/en/embedded/products/quark/overview.html}},
  year={2017}
}
@misc{cc2540,
  title={2.4-GHz Bluetooth® low energy System-on-Chip},
  author={Texas Instruments},
  note={\url{http://www.ti.com/lit/ds/symlink/cc2540.pdf}},
  year={2013}
}
@misc{cc2640,
  title={CC2640 SimpleLink Bluetooth Wireless MCU},
  author={Texas Instruments},
  note={\url{http://www.ti.com/lit/ds/swrs176b/swrs176b.pdf}},
  year={2016}
}
@misc{sdcard,
  title={Transcend microSDHC Card series},
  note={\url{https://cdn-shop.adafruit.com/datasheets/TS16GUSDHC6.pdf}},
  year={2017}
}
% ^ writes take hundreds of mW, basically

@misc{digikeyADCs,
  title={Digi-Key Electronics},
  note={\url{https://www.digikey.com/products/en/integrated-circuits-ics/data-acquisition-analog-to-digital-converters-adc/700?k=adc \& k= \& pkeyword=adc \& pv1989=0}},
  year={2017}
}

@inproceedings{marlin,
  title={Marlin: A High Throughput Variable-to-Fixed Codec Using Plurally Parsable Dictionaries},
  author={Martinez, Manuel and Haurilet, Monica and Stiefelhagen, Rainer and Serra-Sagrist{\`a}, Joan},
  booktitle={Data Compression Conference (DCC), 2017},
  pages={161--170},
  year={2017},
  organization={IEEE}
}
@inproceedings{mobileCompression,
  title={Performance and energy consumption of lossless compression/decompression utilities on mobile computing platforms},
  author={Milenkovic, Aleksandar and Dzhagaryan, Armen and Burtscher, Martin},
  booktitle={Modeling, Analysis \& Simulation of Computer and Telecommunication Systems (MASCOTS), 2013 IEEE 21st International Symposium on},
  pages={254--263},
  year={2013},
  organization={IEEE}
}
@article{ampds,
    Author = {Stephen Makonin and Bradley Ellert and Ivan V. Bajic and Fred Popowich},
    Title = {{Electricity, water, and natural gas consumption of a residential house in Canada from 2012 to 2014}},
    Journal = {Scientific Data},
    Volume = {3},
    Number = {160037},
    Pages = {1--12},
    Year = {2016}
}
@article{gorillaDB,
  title={Gorilla: A fast, scalable, in-memory time series database},
  author={Pelkonen, Tuomas and Franklin, Scott and Teller, Justin and Cavallaro, Paul and Huang, Qi and Meza, Justin and Veeraraghavan, Kaushik},
  journal={Proceedings of the VLDB Endowment},
  volume={8},
  number={12},
  pages={1816--1827},
  year={2015},
  publisher={VLDB Endowment}
}
@inproceedings{chronicleDB,
  title={ChronicleDB: A High-Performance Event Store.},
  author={Seidemann, Marc and Seeger, Bernhard},
  booktitle={EDBT},
  pages={144--155},
  year={2017}
}
@article{eegCS,
  title={Compressed sensing of multichannel EEG signals: the simultaneous cosparsity and low-rank optimization},
  author={Liu, Yipeng and De Vos, Maarten and Van Huffel, Sabine},
  journal={IEEE Transactions on Biomedical Engineering},
  volume={62},
  number={8},
  pages={2055--2061},
  year={2015},
  publisher={IEEE}
}
@inproceedings{simdCodecsEval,
  title={In Vacuo and In Situ Evaluation of SIMD Codecs},
  author={Trotman, Andrew and Lin, Jimmy},
  booktitle={Proceedings of the 21st Australasian Document Computing Symposium on ZZZ},
  pages={1--8},
  year={2016},
  organization={ACM}
}
@inproceedings{pfor,
  title={Super-scalar RAM-CPU cache compression},
  author={Zukowski, Marcin and Heman, Sandor and Nes, Niels and Boncz, Peter},
  booktitle={Data Engineering, 2006. ICDE'06. Proceedings of the 22nd International Conference on},
  pages={59--59},
  year={2006},
  organization={IEEE}
}
@inproceedings{gipfeli,
  title={Gipfeli-high speed compression algorithm},
  author={Lenhardt, Rastislav and Alakuijala, Jyrki},
  booktitle={Data Compression Conference (DCC), 2012},
  pages={109--118},
  year={2012},
  organization={IEEE}
}
@article{zhao2015general,
  title={A general simd-based approach to accelerating compression algorithms},
  author={Zhao, Wayne Xin and Zhang, Xudong and Lemire, Daniel and Shan, Dongdong and Nie, Jian-Yun and Yan, Hongfei and Wen, Ji-Rong},
  journal={ACM Transactions on Information Systems (TOIS)},
  volume={33},
  number={3},
  pages={15},
  year={2015},
  publisher={ACM}
}
@inproceedings{iotCompressCrap,
  title={IoT data compression: Sensor-agnostic approach},
  author={Ukil, Arijit and Bandyopadhyay, Soma and Pal, Arpan},
  booktitle={Data Compression Conference (DCC), 2015},
  pages={303--312},
  year={2015},
  organization={IEEE}
}
@inproceedings{iotSignals,
  title={Signal Characteristics on Sensor Data Compression in IoT-An Investigation},
  author={Bose, Tulika and Bandyopadhyay, Soma and Kumar, Sudhir and Bhattacharyya, Abhijan and Pal, Arpan},
  booktitle={Sensing, Communication, and Networking (SECON), 2016 13th Annual IEEE International Conference on},
  pages={1--6},
  year={2016},
  organization={IEEE}
}
@inproceedings{lachCompression,
  title={Adaptive lossless compression in wireless body sensor networks},
  author={Arrabi, Saad and Lach, John},
  booktitle={Proceedings of the Fourth International Conference on Body Area Networks},
  pages={19},
  year={2009},
  organization={ICST (Institute for Computer Sciences, Social-Informatics and Telecommunications Engineering)}
}
@article{fastpfor,
  title={Decoding billions of integers per second through vectorization},
  author={Lemire, Daniel and Boytsov, Leonid},
  journal={Software: Practice and Experience},
  volume={45},
  number={1},
  pages={1--29},
  year={2015},
  publisher={Wiley Online Library}
}
@inproceedings{floatCompress,
  title={Fast lossless compression of scientific floating-point data},
  author={Ratanaworabhan, Paruj and Ke, Jian and Burtscher, Martin},
  booktitle={Data Compression Conference, 2006. DCC 2006. Proceedings},
  pages={133--142},
  year={2006},
  organization={IEEE}
}
@article{mafisc,
  title={Reducing the hpc-datastorage footprint with mafisc—multidimensional adaptive filtering improved scientific data compression},
  author={H{\"u}bbe, Nathanael and Kunkel, Julian},
  journal={Computer Science-Research and Development},
  volume={28},
  number={2-3},
  pages={231--239},
  year={2013},
  publisher={Springer}
}
@article{tsSegErrGuarantee,
  title={Indexable online time series segmentation with error bound guarantee},
  author={Qi, Jianzhong and Zhang, Rui and Ramamohanarao, Kotagiri and Wang, Hongzhi and Wen, Zeyi and Wu, Dan},
  journal={World Wide Web},
  volume={18},
  number={2},
  pages={359--401},
  year={2015},
  publisher={Springer}
}
@inproceedings{empiricalIntCompress,
  title={Lightweight data compression algorithms: An experimental survey},
  author={Damme, Patrick and Habich, Dirk and Hildebrand, J and Lehner, Wolfgang},
  booktitle={Proc. EDBT},
  year={2017}
}
@inproceedings{respawnDB,
  title={Respawn: A distributed multi-resolution time-series datastore},
  author={Buevich, Maxim and Wright, Anne and Sargent, Randy and Rowe, Anthony},
  booktitle={Real-Time Systems Symposium (RTSS), 2013 IEEE 34th},
  pages={288--297},
  year={2013},
  organization={IEEE}
}
@misc{shorten,
  title={SHORTEN: Simple lossless and near-lossless waveform compression},
  author={Robinson, Tony},
  year={1994},
  publisher={University of Cambridge, Department of Engineering}
}
@article{simdScan,
  title={SIMD-scan: ultra fast in-memory table scan using on-chip vector processing units},
  author={Willhalm, Thomas and Popovici, Nicolae and Boshmaf, Yazan and Plattner, Hasso and Zeier, Alexander and Schaffner, Jan},
  journal={Proceedings of the VLDB Endowment},
  volume={2},
  number={1},
  pages={385--394},
  year={2009},
  publisher={VLDB Endowment}
}
@article{tsCompressGrid,
  title={A time-series compression technique and its application to the smart grid},
  author={Eichinger, Frank and Efros, Pavel and Karnouskos, Stamatis and B{\"o}hm, Klemens},
  journal={The VLDB Journal},
  volume={24},
  number={2},
  pages={193--218},
  year={2015},
  publisher={Springer}
}
@inproceedings{mp3+aac,
  title={MP3 and AAC explained},
  author={Brandenburg, Karlheinz},
  booktitle={Audio Engineering Society Conference: 17th International Conference: High-Quality Audio Coding},
  year={1999},
  organization={Audio Engineering Society}
}
@article{bsnChallenges,
  title={Body area sensor networks: Challenges and opportunities},
  author={Hanson, Mark A and Powell Jr, Harry C and Barth, Adam T and Ringgenberg, Kyle and Calhoun, Benton H and Aylor, James H and Lach, John},
  journal={Computer},
  volume={42},
  number={1},
  year={2009},
  publisher={IEEE}
}
@inproceedings{epenthesis,
  title={Time series epenthesis: Clustering time series streams requires ignoring some data},
  author={Rakthanmanon, Thanawin and Keogh, Eamonn J and Lonardi, Stefano and Evans, Scott},
  booktitle={Data Mining (ICDM), 2011 IEEE 11th International Conference on},
  pages={547--556},
  year={2011},
  organization={IEEE}
}
@article{ans,
  title={Asymmetric numeral systems: entropy coding combining speed of Huffman coding with compression rate of arithmetic coding},
  author={Duda, Jarek},
  journal={arXiv preprint arXiv:1311.2540},
  year={2013}
}

@inproceedings{librosa,
author = {McFee, Brian and Raffel, Colin and Liang, Dawen and Ellis, Daniel PW and McVicar, Matt and Battenberg, Eric and Nieto, Oriol},
title = {{librosa: Audio and Music Signal Analysis in Python}},
booktitle = {Proceedings of the 14th Python in Science Conference},
year = {2015}
}

@misc{ucrTimeSeries,
title={The UCR Time Series Classification Archive},
author={ Chen, Yanping and Keogh, Eamonn and Hu, Bing and Begum, Nurjahan and Bagnall, Anthony and Mueen, Abdullah and Batista, Gustavo},
year={2015},
month={July},
note = {\url{www.cs.ucr.edu/~eamonn/time_series_data/}}
}
@inproceedings{pamap,
  title={Towards global aerobic activity monitoring},
  author={Reiss, Attila and Stricker, Didier},
  booktitle={Proceedings of the 4th International Conference on PErvasive Technologies Related to Assistive Environments},
  pages={12},
  year={2011},
  organization={ACM}
}
@inproceedings{msrc12,
author = {Fothergill, Simon and Mentis, Helena M and Kohli, Pushmeet and Nowozin, Sebastian},
title = {{Instructing people for training gestural interactive systems}},
booktitle = {CHI},
year = {2012},
editor = {Konstan, Joseph A and Chi, Ed H and H{\"o}{\"o}k, Kristina},
pages = {1737--1746},
publisher = {ACM}
}

